<?xml version="1.0" encoding="UTF-8"?><record xmlns="http://www.loc.gov/MARC21/slim" xmlns:cinclude="http://apache.org/cocoon/include/1.0" xmlns:zs="http://www.loc.gov/zing/srw/">
  <leader>00514nz  a2200145n  4500</leader>
  <controlfield tag="001">n 2010201927</controlfield>
  <controlfield tag="003">DLC</controlfield>
  <controlfield tag="005">20100623075123.0</controlfield>
  <controlfield tag="008">100622n| acannaabn          |a aaa      </controlfield>
  <datafield tag="010" ind1=" " ind2=" ">
    <subfield code="a">n 2010201927</subfield>
  </datafield>
  <datafield tag="040" ind1=" " ind2=" ">
    <subfield code="a">DLC</subfield>
    <subfield code="b">eng</subfield>
    <subfield code="c">DLC</subfield>
  </datafield>
  <datafield tag="100" ind1="1" ind2=" ">
    <subfield code="a">Arouche, Manoel Nunes,</subfield>
    <subfield code="d">1906-1958</subfield>
  </datafield>
  <datafield tag="400" ind1="1" ind2=" ">
    <subfield code="a">Arouche, Manuel Nunes,</subfield>
    <subfield code="d">1906-1958</subfield>
  </datafield>
  <datafield tag="400" ind1="1" ind2=" ">
    <subfield code="a">Nunes Arouche, Manoel,</subfield>
    <subfield code="d">1906-1958</subfield>
  </datafield>
  <datafield tag="670" ind1=" " ind2=" ">
    <subfield code="a">Zoomorfismo literário, 2002:</subfield>
    <subfield code="b">p. 69 (Monsenhor Manoel Nunes Arouche; b. Jan. 21, 1906 in São Vicente de Férrer, MA; d. Oct. 24, 1958)</subfield>
  </datafield>
</record>